@article{soloveichik2018a,
  author = {David Soloveichik, Marko Vasic and Sarfraz Khurshid},
  title = {CRN++: Molecular Programming Language},
  language = {eng},
  format = {article},
  journal = {Dna Computing and Molecular Programming},
  volume = {11145},
  pages = {1-18},
  year = {2018},
  issn = {16113349, 03029743},
  isbn = {303000029X, 303000029x, 3030000303, 9783030000295, 9783030000301},
  publisher = {Springer International Publishing},
  doi = {10.1007/978-3-030-00030-1_1}
}

@online{fscheck,
    author = {FsCheck},
    title = {FsCheck: Random Testing for .NET},
    year = 2023,
    url = {https://fscheck.github.io/FsCheck/},
    urldate = {09.06.2023}
}